@inproceedings{qi2024hoisdf,
  author    = {Haozhe Qi and Chen Zhao and Mathieu Salzmann and Alexander Mathis},
  title     = {{HOISDF: Constraining 3D Hand-Object Pose Estimation with Global Signed Distance Fields}},
  booktitle = {Conference on Computer Vision and Pattern Recognition (CVPR)},
  year      = {2024},
}

@inproceedings{ma2021neuralpull,
  author    = {Baorui Ma and Zhizhong Han and Yu-Shen Liu and Matthias Zwicker},
  title     = {{Neural-Pull: Learning Signed Distance Functions from Point Clouds by Learning to Pull Space onto Surfaces}},
  booktitle = {International Conference on Machine Learning (ICML)},
  year      = {2021}
}

@inproceedings{chen2019augmentedreality,
  author    = {Yunqiang Chen and Qing Wang and Hong Chen and Xiaoyu Song and Hui Tang and Mengxiao Tian},
  title     = {{An overview of augmented reality technology}},
  booktitle = {Journal of Physics: Conference Series},
  pages     = {022082},
  publisher = {IOP Publishing},
  year      = {2019}
}

@article{billard2019robotics,
  author    = {Aude Billard and Danica Kragic},
  title     = {{Trends and challenges in robot manipulation}},
  journal   = {Science},
  volume    = {364},
  number    = {6446},
  pages     = {eaat8414},
  year      = {2019}
}

@article{stenum2021health,
  author    = {Jan Stenum and Kendra M. Cherry-Allen and Connor O. Pyles and Rachel D. Reetzke and Michael F. Vignos and Ryan T. Roemmich},
  title     = {{Applications of Pose Estimation in Human Health and Performance across the Lifespan}},
  journal   = {Sensors},
  volume    = {21},
  pages     = {7315},
  year      = {2021},
}

@inproceedings{he2016resnet,
  author    = {Kaiming He and Xiangyu Zhang and Shaoqing Ren and Jian Sun},
  title     = {{Deep Residual Learning for Image Recognition}},
  booktitle = {Conference on Computer Vision and Pattern Recognition (CVPR)},
  year      = {2016},
}

@inproceedings{kang2024egotap,
  author    = {Taeho Kang and Youngki Lee},
  title     = {{Attention-Propagation Network for Egocentric Heatmap to 3D Pose Lifting}},
  booktitle = {Conference on Computer Vision and Pattern Recognition (CVPR)},
  year      = {2024},
}

@inproceedings{zhou2024lifting,
  author    = {Feng Zhou and Jianqin Yin and Peiyang Li},
  title     = {{Lifting by Image -- Leveraging Image Cues for Accurate 3D Human Pose Estimation}},
  booktitle = {Association for the Advancement of Artificial Intelligence (AAAI)},
  year      = {2024},
}

@inproceedings{cheng2024handdiff,
  author    = {Wencan Cheng and Hao Tang and Luc Van Gool and Jong Hwan Ko},
  title     = {{HandDiff: 3D Hand Pose Estimation with Diffusion on Image-Point Cloud}},
  booktitle = {Conference on Computer Vision and Pattern Recognition (CVPR)},
  year      = {2024},
}

@inproceedings{ronneberger2015unet,
  author    = {Olaf Ronneberger and Philipp Fischer and Thomas Brox},
  title     = {{U-Net: Convolutional Networks for Biomedical Image Segmentation}},
  booktitle = {International Conference on Medical Image Computing and Computer-Assisted Intervention (MICCAI)},
  year      = {2015}
}

@inproceedings{tancik2020fourier,
  author    = {Matthew Tancik and Pratul P. Srinivasan and Ben Mildenhall and Sara Fridovich-Keil and Nithin Raghavan and Utkarsh Singhal and Ravi Ramamoorthi and Jonathan T. Barron and Ren Ng},
  title     = {{Fourier Features Let Networks Learn High Frequency Functions in Low Dimensional Domains}},
  booktitle = {Advances in Neural Information Processing Systems (NeurIPS)},
  year      = {2020}
}

@inproceedings{vaswani2017attention,
  author    = {Ashish Vaswani and Noam Shazeer and Niki Parmar and Jakob Uszkoreit and Llion Jones and Aidan N. Gomez and Lukasz Kaiser and Illia Polosukhin},
  title     = {{Attention Is All You Need}},
  booktitle = {Advances in Neural Information Processing Systems (NeurIPS)},
  year      = {2017},
}

@inproceedings{hampali2022keypointtransformer,
  author    = {Shreyas Hampali and Sayan Deb Sarkar and Mahdi Rad and Vincent Lepetit},
  title     = {{Keypoint Transformer: Solving Joint Identification in Challenging Hands and Object Interactions for Accurate 3D Pose Estimation}},
  booktitle = {Conference on Computer Vision and Pattern Recognition (CVPR)},
  year      = {2022}
}

@inproceedings{chao2021dexycb,
  author    = {Yu-Wei Chao and Wei Yang and Yu Xiang and Pavlo Molchanov and Ankur Handa and Jonathan Tremblay and Yashraj S. Narang and Karl Van Wyk and Umar Iqbal and Stan Birchfield and others},
  title     = {{DexYCB: A Benchmark for Capturing Hand Grasping of Objects}},
  booktitle = {Conference on Computer Vision and Pattern Recognition (CVPR)},
  year      = {2021}
}

@inproceedings{zimmermann2017handpose,
  author    = {Christian Zimmermann and Thomas Brox},
  title     = {{Learning to Estimate 3D Hand Pose from Single RGB Images}},
  booktitle = {International Conference on Computer Vision (ICCV)},
  pages     = {4903--4911},
  year      = {2017}
}

@article{mathiowetz1985boxblock,
  author    = {Mathiowetz, Virgil and Volland, Gloria and Kashman, Nancy and Weber, Kathleen},
  title     = {{Adult Norms for the Box and Block Test of Manual Dexterity}},
  journal   = {American Journal of Occupational Therapy},
  volume    = {39},
  pages     = {386--391},
  year      = {1985}
}

@inproceedings{hampali2020honnotate,
  author    = {Shreyas Hampali and Mahdi Rad and Markus Oberweger and Vincent Lepetit},
  title     = {{HOnnotate: A method for 3D Annotation of Hand and Object Poses}},
  booktitle = {Conference on Computer Vision and Pattern Recognition (CVPR)},
  year      = {2020}
}

@inproceedings{liu2025tcpformer,
  author    = {Jiajie Liu and Mengyuan Liu and Hong Liu and Wenhao Li},
  title     = {{TCPFormer: Learning Temporal Correlation with Implicit Pose Proxy for 3D Human Pose Estimation}},
  booktitle = {Association for the Advancement of Artificial Intelligence (AAAI)},
  year      = {2025}
}

@inproceedings{li2024diffusionfof,
  author    = {Jiahao Li and Haoyan Zhang and Jiawei Zhou and Zhaoyang Fan and Zhiqiang Zhang},
  title     = {Diffusion-FOF: Single-View Clothed Human Reconstruction via Diffusion-Based Fourier Occupancy Field},
  booktitle = {Conference on Computer Vision and Pattern Recognition (CVPR)},
  year      = {2024}
}